@article{golbayani2020comparative,
  title           = {A comparative study of forecasting corporate credit ratings
                  using neural networks, support vector machines, and decision
                  trees},
  author          = {Golbayani, Parisa and Florescu, Ionu{\c{t}} and Chatterjee,
                  Rupak},
  journal         = {The North American Journal of Economics and Finance},
  volume          = 54,
  pages           = 101251,
  url             =
                  {https://www.sciencedirect.com/science/article/pii/S1062940820301480},
  year            = 2020,
  publisher       = {Elsevier}
}

@article{kellner2022opening,
  title           = {Opening the black box--Quantile neural networks for loss
                  given default prediction},
  author          = {Kellner, Ralf and Nagl, Maximilian and R{\"o}sch, Daniel},
  journal         = {Journal of Banking \& Finance},
  volume          = 134,
  pages           = 106334,
  year            = 2022,
  url             =
                  {https://www.sciencedirect.com/science/article/abs/pii/S0378426621002855},
  publisher       = {Elsevier}
}

@article{mai2019deep,
  title           = {Deep learning models for bankruptcy prediction using
                  textual disclosures},
  author          = {Mai, Feng and Tian, Shaonan and Lee, Chihoon and Ma, Ling},
  journal         = {European journal of operational research},
  volume          = 274,
  url             =
                  {https://www.sciencedirect.com/science/article/pii/S0377221718308774},
  number          = 2,
  pages           = {743--758},
  year            = 2019,
  publisher       = {Elsevier}
}

@article{scikit-learn,
  title           = {Scikit-learn: Machine Learning in {P}ython},
  author          = {Pedregosa, F. and Varoquaux, G. and Gramfort, A. and
                  Michel, V. and Thirion, B. and Grisel, O. and Blondel, M. and
                  Prettenhofer, P. and Weiss, R. and Dubourg, V. and Vanderplas,
                  J. and Passos, A. and Cournapeau, D. and Brucher, M. and
                  Perrot, M. and Duchesnay, E.},
  journal         = {Journal of Machine Learning Research},
  volume          = 12,
  pages           = {2825--2830},
  year            = 2011
}
@article{hornik1989multilayer,
  title={Multilayer feedforward networks are universal approximators},
  author={Hornik, Kurt and Stinchcombe, Maxwell and White, Halbert},
  journal={Neural networks},
  volume={2},
  number={5},
  pages={359--366},
  year={1989},
  publisher={Elsevier}
}
@article{vaswani2017attention,
  title={Attention is all you need},
  author={Vaswani, Ashish and Shazeer, Noam and Parmar, Niki and Uszkoreit, Jakob and Jones, Llion and Gomez, Aidan N and Kaiser, {\L}ukasz and Polosukhin, Illia},
  journal={Advances in neural information processing systems},
  volume={30},
  year={2017}
}
